<record><leader>00000cas a2200000 a 4500</leader><controlfield tag="001">13661572</controlfield><controlfield tag="008">860530d19141942txudr ne      0    0eng d</controlfield><datafield ind1=" " ind2=" " tag="010"><subfield code="a">sn 86063725 </subfield></datafield><datafield ind1=" " ind2=" " tag="040"><subfield code="a">KSH</subfield><subfield code="b">eng</subfield><subfield code="c">KSH</subfield><subfield code="d">NPT</subfield><subfield code="d">PPM</subfield><subfield code="d">OCL</subfield><subfield code="d">PPM</subfield><subfield code="d">OCL</subfield><subfield code="d">OCLCQ</subfield><subfield code="d">TEX</subfield><subfield code="d">OCLCQ</subfield><subfield code="d">OCLCO</subfield><subfield code="d">OCLCF</subfield></datafield><datafield ind1=" " ind2=" " tag="019"><subfield code="a">14148526</subfield></datafield><datafield ind1="1" ind2=" " tag="029"><subfield code="a">AU@</subfield><subfield code="b">000020427518</subfield></datafield><datafield ind1=" " ind2=" " tag="042"><subfield code="a">msc</subfield></datafield><datafield ind1=" " ind2=" " tag="043"><subfield code="a">n-us-tx</subfield></datafield><datafield ind1="0" ind2=" " tag="130"><subfield code="a">Daily journal (Commerce, Tex. : 1914)</subfield></datafield><datafield ind1="1" ind2="4" tag="245"><subfield code="a">The daily journal.</subfield></datafield><datafield ind1="1" ind2="3" tag="246"><subfield code="a">Commerce daily journal</subfield></datafield><datafield ind1=" " ind2=" " tag="260"><subfield code="a">Commerce, Tex. :</subfield><subfield code="b">Hart Bros.</subfield></datafield><datafield ind1=" " ind2=" " tag="300"><subfield code="a">v. ;</subfield><subfield code="c">56 cm.</subfield></datafield><datafield ind1=" " ind2=" " tag="310"><subfield code="a">Daily (except Sunday)</subfield></datafield><datafield ind1="1" ind2=" " tag="362"><subfield code="a">Began in 1914.</subfield><subfield code="z">Cf. Ayer, 1920.</subfield></datafield><datafield ind1="0" ind2=" " tag="362"><subfield code="a">-v. 2, no. 207 (Sep. 1, 1942).</subfield></datafield><datafield ind1=" " ind2=" " tag="588"><subfield code="a">Description based on: Vol. 2, no. 3 (Jan. 5, 1916).</subfield></datafield><datafield ind1=" " ind2="0" tag="650"><subfield code="a">Newspapers.</subfield></datafield><datafield ind1=" " ind2="0" tag="651"><subfield code="a">Commerce (Tex.)</subfield><subfield code="v">Newspapers.</subfield></datafield><datafield ind1=" " ind2="7" tag="655"><subfield code="a">Newspapers.</subfield><subfield code="2">fast</subfield><subfield code="0">(OCoLC)fst01423814</subfield></datafield><datafield ind1=" " ind2="7" tag="650"><subfield code="a">Newspapers.</subfield><subfield code="2">fast</subfield><subfield code="0">(OCoLC)fst01037111</subfield></datafield><datafield ind1=" " ind2="7" tag="651"><subfield code="a">Texas</subfield><subfield code="z">Commerce.</subfield><subfield code="2">fast</subfield><subfield code="0">(OCoLC)fst01202979</subfield></datafield><datafield ind1=" " ind2=" " tag="752"><subfield code="a">United States</subfield><subfield code="b">Texas</subfield><subfield code="c">Hunt</subfield><subfield code="d">Commerce.</subfield></datafield><datafield ind1="0" ind2=" " tag="775"><subfield code="t">Commerce journal (Commerce, Tex. : 1889)</subfield><subfield code="w">(DLC)sn 86088906</subfield></datafield><datafield ind1="0" ind2=" " tag="775"><subfield code="t">Commerce weekly farm journal</subfield><subfield code="w">(DLC)sn 86088610</subfield></datafield><datafield ind1="0" ind2="0" tag="785"><subfield code="t">Sunday journal (Commerce, Tex. : 1942)</subfield><subfield code="w">(OCoLC)14148515</subfield></datafield><datafield ind1="0" ind2="7" tag="785"><subfield code="t">Commerce weekly farm journal</subfield><subfield code="w">(DLC)sn 86088610</subfield></datafield><datafield ind1="0" ind2="7" tag="785"><subfield code="t">Commerce journal (Commerce, Tex. : 1958)</subfield><subfield code="w">(DLC)sn 96092512</subfield></datafield></record>